

@article{acheampong2017towards,
  title={Towards sustainable urban transportation in Ghana: exploring adults’ intention to adopt cycling to work using theory of planned behaviour and structural equation modelling},
  author={Acheampong, Ransford A},
  journal={Transportation in developing economies},
  volume={3},
  number={2},
  pages={18},
  year={2017},
  publisher={Springer}
}


@article{adams2010prevalence,
  title={Prevalence and socio-demographic correlates of “active transport” in the UK: analysis of the UK time use survey 2005},
  author={Adams, Jean},
  journal={Preventive medicine},
  volume={50},
  number={4},
  pages={199--203},
  year={2010},
  publisher={Elsevier}
}

@article{adlakha2016adaptation,
  title={Adaptation and evaluation of the neighborhood environment walkability scale in India (NEWS-India)},
  author={Adlakha, Deepti and Hipp, J and Brownson, Ross},
  journal={International journal of environmental research and public health},
  volume={13},
  number={4},
  pages={401},
  year={2016},
  publisher={Multidisciplinary Digital Publishing Institute}
}

@article{adlakha2016neighborhood,
  title={Neighborhood-based differences in walkability, physical activity, and weight status in India},
  author={Adlakha, Deepti and Hipp, J Aaron and Brownson, Ross C},
  journal={Journal of Transport \& Health},
  volume={3},
  number={4},
  pages={485--499},
  year={2016},
  publisher={Elsevier}
}


@article{adlakha2018exploring,
  title={Exploring neighborhood environments and active commuting in Chennai, India},
  author={Adlakha, Deepti and Hipp, J and Sallis, James and Brownson, Ross},
  journal={International journal of environmental research and public health},
  volume={15},
  number={9},
  pages={1840},
  year={2018},
  publisher={Multidisciplinary Digital Publishing Institute}
}


@inbook{Ajzen1985intentions,
   author = {Ajzen, I.},
   title = {From intentions to actions: A theory of planned behavior},
   booktitle = {Action-control: From cognition to behavior},
   editor = {Kuhl, J. and Beckman, J.},
   publisher = {Springer},
   address = {Heidelberg},
   pages = {11-39},
   year = {1985},
   type = {Book Section}
}

@article{Akar2009influence,
   author = {Akar, Gulsah and Clifton, Kelly J},
   title = {Influence of individual perceptions and bicycle infrastructure on decision to bike},
   journal = {Transportation research record},
   volume = {2140},
   number = {1},
   pages = {165-172},
   ISSN = {0361-1981},
   year = {2009},
   type = {Journal Article}
}

@Manual{Allaire2020rticles,
    title = {rticles: Article Formats for R Markdown},
    author = {JJ Allaire and Yihui Xie and {R Foundation} and Hadley Wickham and {Journal of Statistical Software} and Ramnath  Vaidyanathan and {Association for Computing Machinery} and Carl Boettiger and {Elsevier} and Karl Broman and Kirill Mueller and Bastiaan Quast and Randall  Pruim and Ben Marwick and Charlotte Wickham and Oliver Keyes and Miao Yu and Daniel Emaasit and Thierry Onkelinx and Alessandro Gasparini and Marc-Andre Desautels and Dominik Leutnant and {MDPI} and {Taylor and Francis} and Oguzhan Ögreden and Dalton Hance and Daniel Nüst and Petter Uvesten and Elio Campitelli and John Muschelli and Zhian N. Kamvar and Noam Ross and Robrecht Cannoodt and Duncan Luguern and David M. Kaplan},
    year = {2020},
    note = {R package version 0.14},
    url = {https://CRAN.R-project.org/package=rticles},
  }

@article{arellana2019multivariate,
  title={Multivariate analysis of user perceptions about the serviceability of urban roads: case of Barranquilla},
  author={Arellana, Juli{\'a}n and Fuentes, Luis and Cantillo, Joyce and Alvarez, Vilma},
  journal={International Journal of Pavement Engineering},
  pages={1--10},
  year={2019},
  publisher={Taylor \& Francis}
}

@article{arellana2020urban,
  title={Urban walkability considering pedestrians' perceptions of the built environment: a 10-year review and a case study in a medium-sized city in Latin America},
  author={Arellana, Julian and Saltarin, Maria and Larranaga, Ana Margarita and Alvarez, Vilma and Henao, Cesar Augusto},
  journal={Transport reviews},
  volume={40},
  number={2},
  pages={183--203},
  year={2020},
  publisher={Taylor \& Francis}
}

@article{arellana2020developing,
  title={Developing an urban bikeability index for different types of cyclists as a tool to prioritise bicycle infrastructure investments},
  author={Arellana, Julian and Saltarin, Maria and Larranaga, Ana Margarita and Gonzlez, Virginia I and Henao, Cesar Augusto},
  journal={Transportation Research Part A: Policy and Practice},
  volume={139},
  pages={310--334},
  year={2020},
  publisher={Elsevier}
}

@Manual{Arnold2019ggthemes,
    title = {ggthemes: Extra Themes, Scales and Geoms for 'ggplot2'},
    author = {Jeffrey B. Arnold},
    year = {2019},
    note = {R package version 4.2.0},
    url = {https://CRAN.R-project.org/package=ggthemes},
  }

@article{aslam2018cyclability,
  title={Cyclability in Lahore, Pakistan: Looking into Potential for Greener Urban Traveling},
  author={Aslam, S Atif Bilal and Masoumi, Houshmand E and Asim, Muhammad and Minhas, Izza Anwer},
  journal={Tema. Journal of Land Use, Mobility and Environment},
  volume={11},
  number={3},
  pages={323--343},
  year={2018}
}

@Misc{auckland2016at,
         author  = {{Auckland Transport}},
         title   = {Measuring and Growing Active Modes of Transport in Auckland},
         year    = {2016},
         url={https://at.govt.nz/media/1957535/at_active-modes-2016.pdf}
    }

@Misc{bangladesh2013raj,
         author  = {{Bangladesh Bureau of Statistics}},
         title   = {District Statistics 2011, Rajshahi},
         publisher = {{Statistics and Information Division, Ministry of Planning. Government of the People's Republic of Bangladesh}},
         year    = {2013}
    }
    
@Misc{bangladesh2015raj,
         author  = {{Bangladesh Bureau of Statistics}},
         title   = {Population Monograph of Bangladesh. Age-Sex Composition of Bangladesh Population},
         publisher = {{Statistics and Information Division, Ministry of Planning. Government of the People's Republic of Bangladesh}},
         year    = {2015}
    }

@article{Brunsdon2020opening,
   author = {Brunsdon, Chris and Comber, Alexis},
   title = {Opening practice: supporting reproducibility and critical spatial data science},
   journal = {Journal of Geographical Systems},
   ISSN = {1435-5949},
   DOI = {10.1007/s10109-020-00334-2},
   url = {https://doi.org/10.1007/s10109-020-00334-2},
   year = {2020},
   type = {Journal Article}
}

@article{buehler2011active,
  title={Active travel in Germany and the US: contributions of daily walking and cycling to physical activity},
  author={Buehler, Ralph and Pucher, John and Merom, Dafna and Bauman, Adrian},
  journal={American Journal of Preventive Medicine},
  volume={41},
  number={3},
  pages={241--250},
  year={2011},
  publisher={Elsevier}
}


@article{Carroll2019modelling,
   author = {Carroll, P. and Caulfield, B. and Ahern, A.},
   title = {Modelling the potential benefits of increased active travel},
   journal = {Transport Policy},
   volume = {79},
   pages = {82-92},
   ISSN = {0967-070X},
   DOI= {10.1016/j.tranpol.2019.04.020},
   url = {<Go to ISI>://WOS:000472697100007},
   year = {2019},
   type = {Journal Article}
}

@article{cerin2009explaining,
  title={Explaining socio-economic status differences in walking for transport: an ecological analysis of individual, social and environmental factors},
  author={Cerin, Ester and Leslie, Eva and Owen, Neville},
  journal={Social science \& medicine},
  volume={68},
  number={6},
  pages={1013--1020},
  year={2009},
  publisher={Elsevier}
}

@article{cerin2014ageing,
  title={Ageing in an ultra-dense metropolis: perceived neighbourhood characteristics and utilitarian walking in Hong Kong elders},
  author={Cerin, Ester and Sit, Cindy HP and Barnett, Anthony and Johnston, Janice M and Cheung, Man-Chin and Chan, Wai-Man},
  journal={Public health nutrition},
  volume={17},
  number={1},
  pages={225--232},
  year={2014},
  publisher={Cambridge University Press}
}


@article{cervero2013linking,
  title={Linking urban transport and land use in developing countries},
  author={Cervero, Robert},
  journal={Journal of Transport and Land Use},
  volume={6},
  number={1},
  pages={7--24},
  year={2013},
  publisher={JSTOR}
}

@article{Cervero2014transport,
   author = {Cervero, Robert},
   title = {Transport infrastructure and the environment in the Global South: sustainable mobility and urbanism},
   journal = {Journal of Regional and City Planning},
   volume = {25},
   number = {3},
   pages = {174-191},
   ISSN = {2502-6429},
   year = {2014},
   type = {Journal Article}
}

@article{Chasco2013impact,
   author = {Chasco, C. and Le Gallo, J.},
   title = {The Impact of Objective and Subjective Measures of Air Quality and Noise on House Prices: A Multilevel Approach for Downtown Madrid},
   journal = {Economic Geography},
   volume = {89},
   number = {2},
   pages = {127-148},
   ISSN = {0013-0095},
   DOI = {10.1111/j.1944-8287.2012.01172.x},
   url = {<Go to ISI>://WOS:000317130600002},
   year = {2013},
   type = {Journal Article}
}

@article{Cleland2008perceptions,
   author = {Cleland, V. J. and Timperio, A. and Crawford, D.},
   title = {Are perceptions of the physical and social environment associated with mothers' walking for leisure and for transport? A longitudinal study},
   journal = {Preventive Medicine},
   volume = {47},
   number = {2},
   pages = {188-193},
   ISSN = {0091-7435},
   url = {ISI:000258560300008
http://ac.els-cdn.com/S0091743508002703/1-s2.0-S0091743508002703-main.pdf?_tid=128949ee-0453-11e7-8058-00000aacb360&acdnat=1489014229_97f3dd694b9003d735c51e638c70027f},
   year = {2008},
   type = {Journal Article}
}



@article{dill2007factors,
  title={Factors affecting bicycling demand: initial survey findings from the Portland, Oregon, region},
  author={Dill, Jennifer and Voros, Kim},
  journal={Transportation Research Record},
  volume={2031},
  number={1},
  pages={9--17},
  year={2007},
  publisher={SAGE Publications Sage CA: Los Angeles, CA}
}

@article{delmelle2012exploring,
  title={Exploring spatio-temporal commuting patterns in a university environment},
  author={Delmelle, Eric M and Delmelle, Elizabeth Cahill},
  journal={Transport Policy},
  volume={21},
  pages={1--9},
  year={2012},
  publisher={Elsevier}
}

@article{de2012association,
  title={The association of leisure-time physical activity and active commuting with measures of socioeconomic position in a multiethnic population living in the Netherlands: results from the cross-sectional SUNSET study},
  author={de Munter, Jeroen SL and Agyemang, Charles and Brewster, Lizzy M and Stronks, Karien and van Valkengoed, Irene GM},
  journal={BMC Public Health},
  volume={12},
  number={1},
  pages={815},
  year={2012},
  publisher={BioMed Central}
}


@article{deNazelle2011improving,
   author = {de Nazelle, A. and Nieuwenhuijsen, M. J. and Anto, J. M. and Brauer, M. and Briggs, D. and Braun-Fahrlander, C. and Cavill, N. and Cooper, A. R. and Desqueyroux, H. and Fruin, S. and Hoek, G. and Panis, L. I. and Janssen, N. and Jerrett, M. and Joffe, M. and Andersen, Z. J. and van Kempen, E. and Kingham, S. and Kubesch, N. and Leyden, K. M. and Marshall, J. D. and Matamala, J. and Mellios, G. and Mendez, M. and Nassif, H. and Ogilvie, D. and Peiro, R. and Perez, K. and Rabl, A. and Ragettli, M. and Rodriguez, D. and Rojas, D. and Ruiz, P. and Sallis, J. F. and Terwoert, J. and Toussaint, J. F. and Tuomisto, J. and Zuurbier, M. and Lebret, E.},
   title = {Improving health through policies that promote active travel: A review of evidence to support integrated health impact assessment},
   journal = {Environment International},
   volume = {37},
   number = {4},
   pages = {766-777},
   ISSN = {0160-4120},
   DOI= {10.1016/j.envint.2011.02.003},
   url = {<Go to ISI>://WOS:000290085000012},
   year = {2011},
   type = {Journal Article}
}

@article{da2017factors,
  title={Factors associated with bicycle use for commuting and for leisure among Brazilian workers},
  author={da Silva Bandeira, Alexsandra and da Silva, Kelly Samara and Del Duca, Giov{\^a}ni Firpo and Zilch, Geyson Ricardo and de Oliveira, Elusa Santina Antunes and de Barros, Mauro Virg{\'i}lio Gomes and Nahas, Markus Vinicius},
  journal={Sport Sciences for Health},
  volume={13},
  number={1},
  pages={63--68},
  year={2017},
  publisher={Springer}
}


@article{Enam2011methodological,
  title={Methodological issues in developing mode choice models for Dhaka, Bangladesh},
  author={Enam, Annesha and Choudhury, Charisma F},
  journal={Transportation Research Record},
  volume={2239},
  number={1},
  pages={84--92},
  year={2011},
  publisher={SAGE Publications Sage CA: Los Angeles, CA}
}


@article{Gatersleben2007contemplating,
   author = {Gatersleben, B. and Appleton, K. M.},
   title = {Contemplating cycling to work: Attitudes and perceptions in different stages of change},
   journal = {Transportation Research Part A-Policy and Practice},
   volume = {41},
   number = {4},
   pages = {302-312},
   ISSN = {0965-8564},
   DOI = {10.1016/j.tra.2006.09.002},
   url = {<Go to ISI>://000244404900002
http://ac.els-cdn.com/S0965856406001091/1-s2.0-S0965856406001091-main.pdf?_tid=44bd4642-044c-11e7-9129-00000aacb362&acdnat=1489011307_3c40a962646fe55b447c0c0d0799b060},
   year = {2007},
   type = {Journal Article}
}



@article{giles2002socioeconomic,
  title={Socioeconomic status differences in recreational physical activity levels and real and perceived access to a supportive physical environment},
  author={Giles-Corti, Billie and Donovan, Robert J},
  journal={Preventive medicine},
  volume={35},
  number={6},
  pages={601--611},
  year={2002},
  publisher={Elsevier}
}


@article{godefrooij2010co,
  title={Co-benefits of Cycling-inclusive Planning and Promotion},
  author={Godefrooij, T and Schepel, S},
  journal={World Bank, Netherlands},
  year={2010}
}

@article{gomez2010built,
  title={Built environment attributes and walking patterns among the elderly population in Bogot{\'a}},
  author={G{\'o}mez, Luis F and Parra, Diana C and Buchner, David and Brownson, Ross C and Sarmiento, Olga L and Pinz{\'o}n, Jos{\'e} D and Ardila, Mauricio and Moreno, Jos{\'e} and Serrato, Mauricio and Lobelo, Felipe},
  journal={American journal of preventive medicine},
  volume={38},
  number={6},
  pages={592--599},
  year={2010},
  publisher={Elsevier}
}

@article{gomes2011walking,
  title={Walking for leisure among adults from three Brazilian cities and its association with perceived environment attributes and personal factors},
  author={Gomes, Grace AO and Reis, Rodrigo S and Parra, Diana C and Ribeiro, Isabela and Hino, Adriano AF and Hallal, Pedro C and Malta, Deborah C and Brownson, Ross C},
  journal={International Journal of Behavioral Nutrition and Physical Activity},
  volume={8},
  number={1},
  pages={111},
  year={2011},
  publisher={BioMed Central}
}

@Misc{bangla2013policy,
         author  = {{Government of Bangladesh}},
         title   = {National Integrated Multimodal Transport Policy},
         publisher = {{Government of the People's Republic of Bangladesh}},
         year    = {2013}
    }

@article{Grosse2018exploring,
   author = {Grosse, J. and Olafsson, A. S. and Carstensen, T. A. and Fertner, C.},
   title = {Exploring the role of daily "modality styles" and urban structure in holidays and longer weekend trips: Travel behaviour of urban and peri-urban residents in Greater Copenhagen},
   journal = {Journal of Transport Geography},
   volume = {69},
   pages = {138-149},
   ISSN = {0966-6923},
   DOI= {10.1016/j.jtrangeo.2018.04.008},
   url = {<Go to ISI>://WOS:000436649800013},
   year = {2018},
   type = {Journal Article}
}

@article{gul2018association,
  title={The association between the perception of crime and walking in gated and non-gated neighbourhoods of Asian developing countries},
  author={Gul, Yasmeen and Sultan, Zahid and Jokhio, Gul Ahmed},
  journal={Heliyon},
  volume={4},
  number={8},
  pages={e00715},
  year={2018},
  publisher={Elsevier}
}

@article{gutierrez2020estimating,
  title={Estimating bicycle demand in an aggressive environment},
  author={Gutirrez, Margareth and Cantillo, Victor and Arellana, Julian and Ortuzar, Juan de Dios},
  journal={International Journal of Sustainable Transportation},
  pages={1--14},
  year={2020},
  publisher={Taylor \& Francis}
}

@article{guzman2020confronting,
  title={Confronting congestion in urban areas: Developing Sustainable Mobility Plans for public and private organizations in Bogot{\'a}},
  author={Guzman, Luis A and Arellana, Julian and Alvarez, Vilma},
  journal={Transportation Research Part A: Policy and Practice},
  volume={134},
  pages={321--335},
  year={2020},
  publisher={Elsevier}
}

@article{gwilliam2003urban,
  title={Urban transport in developing countries},
  author={Gwilliam, Ken},
  journal={Transport Reviews},
  volume={23},
  number={2},
  pages={197--216},
  year={2003},
  publisher={Taylor \& Francis}
}


@article{gwilliam2013cities,
  title={Cities on the move--Ten years after},
  author={Gwilliam, Kenneth},
  journal={Research in Transportation Economics},
  volume={40},
  number={1},
  pages={3--18},
  year={2013},
  publisher={Elsevier}
}


@article{hallal2010association,
  title={Association between perceived environmental attributes and physical activity among adults in Recife, Brazil},
  author={Hallal, Pedro C and Reis, Rodrigo S and Parra, Diana C and Hoehner, Christine and Brownson, Ross C and Sim{\~o}es, Eduardo J},
  journal={Journal of physical activity and health},
  volume={7},
  number={s2},
  pages={S213--S222},
  year={2010}
}

@article{hammadi_2016, title={Rajshahi: the city that took on air pollution and won}, url={https://www.theguardian.com/world/2016/jun/17/rajshahi-bangladesh-city-air-pollution-won}, journal={The Guardian}, author={Hammadi, Saad}, year={2016}, month={Jun}} 

@article{hatamzadeh2017walking,
  title={Walking and jobs: A comparative analysis to explore factors influencing flexible and fixed schedule workers, a case study of Rasht, Iran},
  author={Hatamzadeh, Yaser and Habibian, Meeghat and Khodaii, Ali},
  journal={Sustainable cities and society},
  volume={31},
  pages={74--82},
  year={2017},
  publisher={Elsevier}
}

@Misc{haque2014,
         author  = {Haque, Ashraful},
         title   = {Transport situation in Rajshahi},
         publisher = {Presenetd at the United Nations Economic and Social Commission for Asia and the Pacific (UN ESCAP)"},
         year    = {2014}
    }

@article{hossain_2018, title={Women labour force in Bangladesh: Key facts and trends}, 
  url={https://today.thefinancialexpress.com.bd/26th-anniversary-issue-3/women-labour-force-in-bangladesh-key-facts-and-trends-1544443424}, 
  journal={The Financial Express}, 
  author={Hossain, Iqbal}, 
  year={2018}, 
  month={December}
  } 

@article{huertas2020level,
  title={Level of traffic stress-based classification: A clustering approach for Bogot{\'a}, Colombia},
  author={Huertas, Jorge A and Palacio, Alejandro and Botero, Marcelo and Carvajal, Germ{\'a}n A and van Laake, Thomas and Higuera-Mendieta, Diana and Cabrales, Sergio A and Guzman, Luis A and Sarmiento, Olga L and Medaglia, Andr{\'e}s L},
  journal={Transportation Research Part D: Transport and Environment},
  volume={85},
  pages={102420},
  year={2020},
  publisher={Elsevier}
}

@article{Jappinen2013modelling,
   author = {Jäppinen, Sakari and Toivonen, Tuuli and Salonen, Maria},
   title = {Modelling the potential effect of shared bicycles on public transport travel times in Greater Helsinki: An open data approach},
   journal = {Applied Geography},
   volume = {43},
   pages = {13-24},
   ISSN = {0143-6228},
   year = {2013},
   type = {Journal Article}
}

@article{Jamal2020,
   author = {Jamal, Shaila. and Hossain, Mohiuddin},
   title = {Active transportation indicators and establishing baseline in a developing country context: A study of Rajshahi, Bangladesh},
   journal = {Growth and Change - A Journal of Urban and Regional Policy},
   DOI = {DOI: 10.1111/grow.12420 },
   year = {2020},
   type = {Journal Article}
}

@article{jia2014association,
  title={The Association between walking and perceived environment in Chinese community residents: a cross-sectional study},
  author={Jia, Yingnan and Usagawa, Tricia and Fu, Hua},
  journal={PloS one},
  volume={9},
  number={2},
  pages={e90078},
  year={2014},
  publisher={Public Library of Science}
}


@article{khan_2017, title={Rajshahi: A model for tackling ambient air pollution in our cities}, url={https://www.thedailystar.net/star-weekend/rajshahi-model-tackling-ambient-air-pollution-our-cities-1414174}, journal={The Daily Star}, author={Khan, Maliha}, year={2017}, month={Jun}} 

@article{Korzhenevych2018area,
   author = {Korzhenevych, A. and Jain, M.},
   title = {Area- and gender-based commuting differentials in India's largest urban-rural region},
   journal = {Transportation Research Part D-Transport and Environment},
   volume = {63},
   pages = {733-746},
   ISSN = {1361-9209},
   DOI = {10.1016/j.trd.2018.07.013},
   url = {<Go to ISI>://WOS:000442978000048},
   year = {2018},
   type = {Journal Article}
}


@article{Krueger2018normative,
   author = {Krueger, R. and Vij, A. and Rashidi, T. H.},
   title = {Normative beliefs and modality styles: a latent class and latent variable model of travel behaviour},
   journal = {Transportation},
   volume = {45},
   number = {3},
   pages = {789-825},
   ISSN = {0049-4488},
   DOI= {10.1007/s11116-016-9751-1},
   url = {<Go to ISI>://WOS:000430023300005},
   year = {2018},
   type = {Journal Article}
}


@article{kuranami1994factors,
  title={Factors influencing ownership and use of nonmotorized vehicles in asian cities},
  author={Kuranami, Chiaki and Winston, Bruce P},
  journal={Transportation Research Record},
  number={1441},
  year={1994}
}

@inbook{Landman2012crime,
   author = {Landman, Karina},
   title = {Reconsidering Crime and Urban Fortification in South Africa},
   booktitle = {The Urban Fabric of Crime and Fear},
   editor = {Ceccato, Vania},
   publisher = {Springer Netherlands},
   address = {Dordrecht},
   pages = {239-264},
   ISBN = {978-94-007-4210-9},
   DOI = {10.1007/978-94-007-4210-9_10},
   url = {https://doi.org/10.1007/978-94-007-4210-9_10},
   year = {2012},
   type = {Book Section}
}

@article{larranaga2016influence,
  title={The Influence of built environment and travel attitudes on walking: a case study of Porto Alegre, Brazil},
  author={Larra{\~n}aga, Ana Margarita and Rizzi, Luis Ignacio and Arellana, Julian and Strambi, Orlando and Cybis, Helena Beatriz Bettella},
  journal={International journal of sustainable transportation},
  volume={10},
  number={4},
  pages={332--342},
  year={2016},
  publisher={Taylor \& Francis}
}

@article{larranaga2019using,
  title={Using best--worst scaling to identify barriers to walkability: a study of Porto Alegre, Brazil},
  author={Larranaga, Ana Margarita and Arellana, Juli{\'a}n and Rizzi, Luis Ignacio and Strambi, Orlando and Cybis, Helena Beatriz Bettella},
  journal={Transportation},
  volume={46},
  number={6},
  pages={2347--2379},
  year={2019},
  publisher={Springer}
}

@article{laverty2013active,
  title={Active travel to work and cardiovascular risk factors in the United Kingdom},
  author={Laverty, Anthony A and Mindell, Jennifer S and Webb, Elizabeth A and Millett, Christopher},
  journal={American journal of preventive medicine},
  volume={45},
  number={3},
  pages={282--288},
  year={2013},
  publisher={Elsevier}
}

@article{Lavery2013driving,
   author = {Lavery, T. A. and Paez, A. and Kanaroglou, P. S.},
   title = {Driving out of choices: An investigation of transport modality in a university sample},
   journal = {Transportation Research Part A-Policy and Practice},
   volume = {57},
   pages = {37-46},
   ISSN = {0965-8564},
   DOI= {10.1016/j.tra.2013.09.010},
   url = {<Go to ISI>://WOS:000327806000004},
   year = {2013},
   type = {Journal Article}
}

@article{Lemanski2012everyday,
   author = {Lemanski, C.},
   title = {Everyday human (in)security: Rescaling for the Southern city},
   journal = {Security Dialogue},
   volume = {43},
   number = {1},
   pages = {61-78},
   ISSN = {0967-0106},
   DOI = {10.1177/0967010611430435},
   url = {<Go to ISI>://WOS:000300440700004},
   year = {2012},
   type = {Journal Article}
}

@article{Li2011decoupling,
   author = {Li, Jun},
   title = {Decoupling urban transport from GHG emissions in Indian cities-A critical review and perspectives},
   journal = {Energy Policy},
   volume = {39},
   number = {6},
   pages = {3503-3514},
   ISSN = {0301-4215},
   DOI = {10.1016/j.enpol.2011.03.049},
   url = {<Go to ISI>://WOS:000291411300047},
   year = {2011},
   type = {Journal Article}
}



@article{liao2015perceived,
  title={Perceived environmental and personal factors associated with walking and cycling for transportation in Taiwanese adults},
  author={Liao, Yung and Wang, I and Hsu, Hsiu-Hua and Chang, Shao-Hsi and others},
  journal={International journal of environmental research and public health},
  volume={12},
  number={2},
  pages={2105--2119},
  year={2015},
  publisher={Multidisciplinary Digital Publishing Institute}
}

@article{Liao2009parallels,
   author = {Liao, Pei-shan},
   title = {Parallels between objective indicators and subjective perceptions of quality of life: A study of metropolitan and county areas in Taiwan},
   journal = {Social Indicators Research},
   volume = {91},
   number = {1},
   pages = {99-114},
   ISSN = {0303-8300},
   year = {2009},
   type = {Journal Article}
}

@article{Loo2015transport,
   author = {Loo, L. Y. L. and Corcoran, J. and Mateo-Babiano, D. and Zahnow, R.},
   title = {Transport mode choice in South East Asia: Investigating the relationship between transport users' perception and travel behaviour in Johor Bahru, Malaysia},
   journal = {Journal of Transport Geography},
   volume = {46},
   pages = {99-111},
   ISSN = {0966-6923},
   DOI = {10.1016/j.jtrangeo.2015.06.011},
   url = {<Go to ISI>://WOS:000359329200010},
   year = {2015},
   type = {Journal Article}
}



@article{mackenbach2016influence,
  title={The influence of urban land-use and public transport facilities on active commuting in wellington, new zealand: Active transport forecasting using the wilute model},
  author={Mackenbach, Joreintje and Randal, Edward and Zhao, Pengjun and Howden-Chapman, Philippa},
  journal={Sustainability},
  volume={8},
  number={3},
  pages={242},
  year={2016},
  publisher={Multidisciplinary Digital Publishing Institute}
}


@article{Martin2014active,
   author = {Martin, A. and Goryakin, Y. and Suhrcke, M.},
   title = {Does active commuting improve psychological wellbeing? Longitudinal evidence from eighteen waves of the British Household Panel Survey},
   journal = {Preventive Medicine},
   volume = {69},
   pages = {296-303},
   ISSN = {0091-7435},
   DOI= {10.1016/j.ypmed.2014.08.023},
   url = {<Go to ISI>://WOS:000346221600049},
   year = {2014},
   type = {Journal Article}
}

@article{Martin2019individual,
   author = {Martín, Belén and Páez, Antonio},
   title = {Individual and geographic variations in the propensity to travel by active modes in Vitoria-Gasteiz, Spain},
   journal = {Journal of Transport Geography},
   volume = {76},
   pages = {103-113},
   ISSN = {0966-6923},
   DOI= {https://doi.org/10.1016/j.jtrangeo.2019.03.005},
   url = {http://www.sciencedirect.com/science/article/pii/S0966692318306021},
   year = {2019},
   type = {Journal Article}
}

@article{Miller2011collaborative,
   author = {Miller, Harvey J.},
   title = {Collaborative mobility: using geographic information science to cultivate cooperative transportation systems},
   journal = {Procedia - Social and Behavioral Sciences},
   volume = {21},
   number = {0},
   pages = {24-28},
   ISSN = {1877-0428},
   DOI= {http://dx.doi.org/10.1016/j.sbspro.2011.07.005},
   url = {http://www.sciencedirect.com/science/article/pii/S1877042811013280},
   year = {2011},
   type = {Journal Article}
}

@Manual{Miratrix2018textreg,
    title = {textreg: n-Gram Text Regression, aka Concise Comparative Summarization},
    author = {Luke Miratrix},
    year = {2018},
    note = {R package version 0.1.5},
    url = {https://CRAN.R-project.org/package=textreg},
  }

@phdthesis{mitra2016, 
title={Land Use, Land Value, and Transportation: Essays on Accessibility, Carless Households, and Long-distance Travel}, school={University of California, Irvine}, author={Mitra, Suman Kumar}, year={2016}} 

@article{molina2014active,
  title={Active commuting and sociodemographic factors among university students in Spain},
  author={Molina-Garc{\'i}a, Javier and Sallis, James F and Castillo, Isabel},
  journal={Journal of Physical Activity and Health},
  volume={11},
  number={2},
  pages={359-363},
  year={2014}
}

@article{Moniruzzaman2012model,
   author = {Moniruzzaman, M. and Paez, A.},
   title = {A model-based approach to select case sites for walkability audits},
   journal = {Health & Place},
   volume = {18},
   number = {6},
   pages = {1323-1334},
   ISSN = {1353-8292},
   DOI = {10.1016/j.healthplace.2012.09.013},
   url = {<Go to ISI>://WOS:000311140800015},
   year = {2012},
   type = {Journal Article}
}

@article{Moniruzzaman2014compliance,
   author = {Moniruzzaman, M. and Paez, A. and Morency, C.},
   title = {Compliance potential mapping: a tool to assess potential contributions of walking towards physical activity guidelines},
   journal = {BMC Public Health},
   volume = {14},
   pages = {11},
   ISSN = {1471-2458},
   DOI= {10.1186/1471-2458-14-511},
   url = {<Go to ISI>://WOS:000338381000002
http://download.springer.com/static/pdf/536/art%253A10.1186%252F1471-2458-14-511.pdf?originUrl=http%3A%2F%2Fbmcpublichealth.biomedcentral.com%2Farticle%2F10.1186%2F1471-2458-14-511&token2=exp=1489014660~acl=%2Fstatic%2Fpdf%2F536%2Fart%25253A10.1186%25252F1471-2458-14-511.pdf*~hmac=9ad1ddbe7a309fe84e3e940c6c1ee05923bd67c3493c2fcf0d2eb49ec096d5a7},
   year = {2014},
   type = {Journal Article}
}

@article{Moniruzzaman2016investigation,
   author = {Moniruzzaman, M. and Paez, A.},
   title = {An investigation of the attributes of walkable environments from the perspective of seniors in Montreal},
   journal = {Journal of Transport Geography},
   volume = {51},
   pages = {85-96},
   ISSN = {0966-6923},
   DOI = {10.1016/j.jtrangeo.2015.12.001},
   url = {<Go to ISI>://WOS:000375505200010
http://ac.els-cdn.com/S0966692315002215/1-s2.0-S0966692315002215-main.pdf?_tid=9af7d7a0-0449-11e7-9ede-00000aab0f6c&acdnat=1489010163_fec1793399bb70f70c0d9151d94d8bfd},
   year = {2016},
   type = {Journal Article}
}




@article{Nobis2007multimodality,
   author = {Nobis, C.},
   title = {Multimodality - Facets and causes of sustainable mobility Behavior},
   journal = {Transportation Research Record},
   number = {2010},
   pages = {37-46},
   ISSN = {0361-1981},
   url = {ISI:000252769600005},
   year = {2007},
   type = {Journal Article}
}

@article{oliva2018identifying,
  title={Identifying cycling-inducing neighborhoods: A latent class approach},
  author={Oliva, Ignacio and Galilea, Patricia and Hurtubia, Ricardo},
  journal={International journal of sustainable transportation},
  volume={12},
  number={10},
  pages={701--713},
  year={2018},
  publisher={Taylor \& Francis}
}

@article{oyeyemi2012perceived,
  title={Perceived crime and traffic safety is related to physical activity among adults in Nigeria},
  author={Oyeyemi, Adewale L and Adegoke, Babatunde O and Sallis, James F and Oyeyemi, Adetoyeje Y and De Bourdeaudhuij, Ilse},
  journal={BMC public health},
  volume={12},
  number={1},
  pages={294},
  year={2012},
  publisher={BioMed Central}
}

@article{Paez2013mapping,
   author = {Paez, A.},
   title = {Mapping travelers' attitudes: does space matter?},
   journal = {Journal of Transport Geography},
   volume = {26},
   pages = {117-125},
   ISSN = {0966-6923},
   DOI = {10.1016/j.jtrangeo.2012.09.002},
   url = {<Go to ISI>://WOS:000315474200013},
   year = {2013},
   type = {Journal Article}
}



@article{parra2011perceived,
  title={Perceived environmental correlates of physical activity for leisure and transportation in Curitiba, Brazil},
  author={Parra, Diana C and Hoehner, Christine M and Hallal, Pedro C and Ribeiro, Isabela C and Reis, Rodrigo and Brownson, Ross C and Pratt, Michael and Simoes, Eduardo J},
  journal={Preventive medicine},
  volume={52},
  number={3-4},
  pages={234-238},
  year={2011},
  publisher={Elsevier}
}

@Misc{peterborough2014at,
         author  = {{Peterborough City and County}},
         title   = {Active Transport and Health Indicators Report},
         year    = {2014},
         url={http://peterboroughmoves.com/wp-content/uploads/2015/05/IndicatorsReport_Final_Web.pdf}
    }

@article{pojani2015sustainable,
  title={Sustainable urban transport in the developing world: beyond megacities},
  author={Pojani, Dorina and Stead, Dominic},
  journal={Sustainability},
  volume={7},
  number={6},
  pages={7784-7805},
  year={2015},
  publisher={Multidisciplinary Digital Publishing Institute}
}

@misc{poushter_2015, title={Car, bike or motorcycle? Depends on where you live}, url={https://www.pewresearch.org/fact-tank/2015/04/16/car-bike-or-motorcycle-depends-on-where-you-live/}, journal={Pew Research Center}, publisher={Pew Research Center}, author={Poushter, Jacob}, year={2015}, month={Apr}} 


@Misc{power2016bd,
         author  = {{Power and Participation Research Centre}},
         title   = {Bangladesh 2016: Politics, Governance and Middle Income Aspirations: Realities and Challenges: An Empirical Study },
         year    = {2016},
         url={https://www.undp.org/content/dam/bangladesh/docs/Publications/Pub2016/policy%20brief.pdf}
    }


@Misc{public2011can,
         author  = {{Public Health Agency of Canada}},
         title   = {Fast Facts about Canada's Neighborhoods and Physical Activity. Data Compiled from the 2011 Canadian Community Health Survey Rapid Response Module on Neighborhood Environments},
         
         year    = {2011},
         url={https://www.canada.ca/content/dam/phac-aspc/migration/phac-aspc/hp-ps/hl-mvs/assets/pdf/fast-facts-faits-rapidesV2-eng.pdf}
    }

@article{pucher2011walking,
  title={Walking and cycling in the United States, 2001--2009: evidence from the National Household Travel Surveys},
  author={Pucher, John and Buehler, Ralph and Merom, Dafna and Bauman, Adrian},
  journal={American journal of public health},
  volume={101},
  number={S1},
  pages={S310--S317},
  year={2011},
  publisher={American Public Health Association}
}

@article{rahul2013economic,
  title={Economic impact of non-motorized transportation in Indian cities},
  author={Rahul, TM and Verma, Ashish},
  journal={Research in transportation economics},
  volume={38},
  number={1},
  pages={22--34},
  year={2013},
  publisher={Elsevier}
}

@article{rosas2019factors,
  title={Factors and policies explaining the emergence of the bicycle commuter in Bogot{\'a}},
  author={Rosas-Satiz{\'a}bal, Daniel and Rodriguez-Valencia, Alvaro},
  journal={Case studies on transport policy},
  volume={7},
  number={1},
  pages={138--149},
  year={2019},
  publisher={Elsevier}
}

@article{rossetti2019want,
  title={I want to ride it where I like: measuring design preferences in cycling infrastructure},
  author={Rossetti, Tom{\'a}s and Saud, Ver{\'o}nica and Hurtubia, Ricardo},
  journal={Transportation},
  pages={1--22},
  year={2019},
  publisher={Springer}
}

@article{sa2016socioeconomic,
  title={Socioeconomic and regional differences in active transportation in Brazil},
  author={S{\'a}, Thiago H{\'e}rick de and Pereira, Rafael Henrique Moraes and Duran, Ana Clara and Monteiro, Carlos Augusto},
  journal={Revista de saude publica},
  volume={50},
  pages={37},
  year={2016},
  publisher={SciELO Public Health}
}

@article{sa2016cycling,
  title={Cycling in S{\~a}o Paulo, Brazil (1997--2012): Correlates, time trends and health consequences},
  author={S{\'a}, Thiago H{\'e}rick and Duran, Ana Clara and Tainio, Marko and Monteiro, Carlos Augusto and Woodcock, James},
  journal={Preventive medicine reports},
  volume={4},
  pages={540--545},
  year={2016},
  publisher={Elsevier}
}

@article{sallis2007perceived,
  title={Perceived environmental predictors of physical activity over 6 months in adults: Activity Counseling Trial.},
  author={Sallis, James F and King, Abby C and Sirard, John R and Albright, Cheryl L},
  journal={Health Psychology},
  volume={26},
  number={6},
  pages={701},
  year={2007},
  publisher={American Psychological Association}
}

@Manual{Schwendinger2019pandocfilters,
    title = {pandocfilters: Pandoc Filters for R},
    author = {Florian Schwendinger and Kurt Hornik},
    year = {2019},
    note = {R package version 0.1-4},
    url = {https://CRAN.R-project.org/package=pandocfilters},
  }

@article{srinivasan2007commute,
  title={Commute mode choice in a developing country: role of subjective factors and variations in responsiveness across captive, semicaptive, and choice segments},
  author={Srinivasan, Karthik K and Pradhan, Gautam N and Naidu, G Maheswara},
  journal={Transportation Research Record},
  volume={2038},
  number={1},
  pages={53--61},
  year={2007},
  publisher={SAGE Publications Sage CA: Los Angeles, CA}
}

@book{Train2009discrete,
   author = {Train, K.},
   title = {Discrete Choice Methods with Simulation},
   publisher = {Cambridge University Press},
   address = {Cambridge},
   edition = {2nd Edition},
   year = {2009},
   type = {Book}
}

@article{Tainio2016air,
   author = {Tainio, M. and de Nazelle, A. J. and Gotschi, T. and Kahlmeier, S. and Rojas-Rueda, D. and Nieuwenhuijsen, M. J. and de Sa, T. H. and Kelly, P. and Woodcock, J.},
   title = {Can air pollution negate the health benefits of cycling and walking?},
   journal = {Preventive Medicine},
   volume = {87},
   pages = {233-236},
   ISSN = {0091-7435},
   DOI= {10.1016/j.ypmed.2016.02.002},
   url = {<Go to ISI>://WOS:000379024500033},
   year = {2016},
   type = {Journal Article}
}

@article{vanAcker2010transport,
   author = {Van Acker, V. and Van Wee, B. and Witlox, F.},
   title = {When Transport Geography Meets Social Psychology: Toward a Conceptual Model of Travel Behaviour},
   journal = {Transport Reviews},
   volume = {30},
   number = {2},
   pages = {219-240},
   ISSN = {0144-1647},
   url = {ISI:000274540400004},
   year = {2010},
   type = {Journal Article}
}



@article{vanAcker2011going,
   author = {Van Acker, V. and Mokhtarian, P. L. and Witlox, F.},
   title = {Going soft: on how Subjective Variables Explain Modal Choices for Leisure Travel},
   journal = {European Journal of Transport and Infrastructure Research},
   volume = {11},
   number = {2},
   pages = {115-146},
   ISSN = {1567-7133},
   url = {<Go to ISI>://WOS:000289343300002},
   year = {2011},
   type = {Journal Article}
}



@article{van2012physical,
  title={Physical environmental factors related to walking and cycling in older adults: the Belgian aging studies},
  author={Van Cauwenberg, Jelle and Clarys, Peter and De Bourdeaudhuij, Ilse and Van Holle, Veerle and Vert{\'e}, Dominique and De Witte, Nico and De Donder, Liesbeth and Buffel, Tine and Dury, Sarah and Deforche, Benedicte},
  journal={BMC public health},
  volume={12},
  number={1},
  pages={142},
  year={2012},
  publisher={BioMed Central}
}

@article{van2012environmental,
  title={Environmental factors influencing older adults’ walking for transportation: a study using walk-along interviews},
  author={Van Cauwenberg, Jelle and Van Holle, Veerle and Simons, Dorien and Deridder, Riet and Clarys, Peter and Goubert, Liesbet and Nasar, Jack and Salmon, Jo and De Bourdeaudhuij, Ilse and Deforche, Benedicte},
  journal={International Journal of Behavioral Nutrition and Physical Activity},
  volume={9},
  number={1},
  pages={85},
  year={2012},
  publisher={BioMed Central}
}

@Book{Venables2002modern,
    title = {Modern Applied Statistics with S},
    author = {W. N. Venables and B. D. Ripley},
    publisher = {Springer},
    edition = {Fourth},
    address = {New York},
    year = {2002},
    note = {ISBN 0-387-95457-0},
    url = {http://www.stats.ox.ac.uk/pub/MASS4},
  }

@article{Vij2013incorporating,
   author = {Vij, A. and Carrel, A. and Walker, J. L.},
   title = {Incorporating the influence of latent modal preferences on travel mode choice behavior},
   journal = {Transportation Research Part a-Policy and Practice},
   volume = {54},
   pages = {164-178},
   ISSN = {0965-8564},
   DOI= {10.1016/j.tra.2013.07.008},
   url = {<Go to ISI>://WOS:000326361200013},
   year = {2013},
   type = {Journal Article}
}

@article{weber2012safety,
  title={Safety from crime and physical activity among older adults: a population-based study in Brazil},
  author={Weber Corseuil, Maru{\'i} and Hallal, Pedro Curi and Xavier Corseuil, Herton and Jayce Ceola Schneider, Ione and d'Orsi, Eleonora},
  journal={Journal of environmental and public health},
  volume={2012},
  year={2012},
  publisher={Hindawi}
}


@article{whalen2013mode,
  title={Mode choice of university students commuting to school and the role of active travel},
  author={Whalen, Kate E and P{\'a}ez, Antonio and Carrasco, Juan A},
  journal={Journal of Transport Geography},
  volume={31},
  pages={132--142},
  year={2013},
  publisher={Elsevier}
}

@article{Whalen2012communities,
   author = {Whalen, K. E. and Paez, A. and Bhat, C. and Moniruzzaman, M. and Paleti, R.},
   title = {T-communities and Sense of Community in a University Town: Evidence from a Student Sample using a Spatial Ordered-response Model},
   journal = {Urban Studies},
   volume = {49},
   number = {6},
   pages = {1357-1376},
   ISSN = {0042-0980},
   DOI = {10.1177/0042098011411942},
   url = {<Go to ISI>://WOS:000302853300010},
   year = {2012},
   type = {Journal Article}
}

@Article{Wickham2007reshaping,
    title = {Reshaping Data with the {reshape} Package},
    author = {Hadley Wickham},
    journal = {Journal of Statistical Software},
    year = {2007},
    volume = {21},
    number = {12},
    pages = {1--20},
    url = {http://www.jstatsoft.org/v21/i12/},
  }

@Article{Wickham2019welcome,
    title = {Welcome to the {tidyverse}},
    author = {Hadley Wickham and Mara Averick and Jennifer Bryan and Winston Chang and Lucy D'Agostino McGowan and Romain François and Garrett Grolemund and Alex Hayes and Lionel Henry and Jim Hester and Max Kuhn and Thomas Lin Pedersen and Evan Miller and Stephan Milton Bache and Kirill Müller and Jeroen Ooms and David Robinson and Dana Paige Seidel and Vitalie Spinu and Kohske Takahashi and Davis Vaughan and Claus Wilke and Kara Woo and Hiroaki Yutani},
    year = {2019},
    journal = {Journal of Open Source Software},
    volume = {4},
    number = {43},
    pages = {1686},
    doi = {10.21105/joss.01686},
  }
  
@Manual{Wickham2019readxl,
    title = {readxl: Read Excel Files},
    author = {Hadley Wickham and Jennifer Bryan},
    year = {2019},
    note = {R package version 1.3.1},
    url = {https://CRAN.R-project.org/package=readxl},
  }  
  
@InCollection{Xie2014knitr,
    booktitle = {Implementing Reproducible Computational Research},
    editor = {Victoria Stodden and Friedrich Leisch and Roger D. Peng},
    title = {knitr: A Comprehensive Tool for Reproducible Research in {R}},
    author = {Yihui Xie},
    publisher = {Chapman and Hall/CRC},
    year = {2014},
    note = {ISBN 978-1466561595},
    url = {http://www.crcpress.com/product/isbn/9781466561595},
  }
  
  @Book{Xie2015dynamic,
    title = {Dynamic Documents with {R} and knitr},
    author = {Yihui Xie},
    publisher = {Chapman and Hall/CRC},
    address = {Boca Raton, Florida},
    year = {2015},
    edition = {2nd},
    note = {ISBN 978-1498716963},
    url = {https://yihui.org/knitr/},
  }
  
@Article{Xie2019tinytex,
    title = {TinyTeX: A lightweight, cross-platform, and easy-to-maintain LaTeX distribution based on TeX Live},
    author = {Yihui Xie},
    journal = {TUGboat},
    year = {2019},
    volumne = {40},
    number = {1},
    pages = {30--32},
    url = {http://tug.org/TUGboat/Contents/contents40-1.html},
  }  
  
@Manual{Xie2020tinytex,
    title = {tinytex: Helper Functions to Install and Maintain 'TeX Live', and Compile
'LaTeX' Documents},
    author = {Yihui Xie},
    year = {2020},
    note = {R package version 0.21},
    url = {https://github.com/yihui/tinytex},
  }
  

@article{ye2017satisfaction,
  title={Satisfaction with the commute: The role of travel mode choice, built environment and attitudes},
  author={Ye, Runing and Titheridge, Helena},
  journal={Transportation Research Part D: Transport and Environment},
  volume={52},
  pages={535--547},
  year={2017},
  publisher={Elsevier}
}

@inbook{Zaluar2012turf,
   author = {Zaluar, Alba},
   title = {Turf War in Rio de Janeiro: Youth, Drug Traffic, Guns and Hyper-masculinity},
   booktitle = {The Urban Fabric of Crime and Fear},
   editor = {Ceccato, Vania},
   publisher = {Springer Netherlands},
   address = {Dordrecht},
   pages = {217-237},
   ISBN = {978-94-007-4210-9},
   DOI = {10.1007/978-94-007-4210-9_9},
   url = {https://doi.org/10.1007/978-94-007-4210-9_9},
   year = {2012},
   type = {Book Section}
}

@article{Zhao2016restraining,
   author = {Zhao, P. J. and Li, S. X.},
   title = {Restraining transport inequality in growing cities: Can spatial planning play a role?},
   journal = {International Journal of Sustainable Transportation},
   volume = {10},
   number = {10},
   pages = {947-959},
   ISSN = {1556-8318},
   DOI= {10.1080/15568318.2016.1191693},
   url = {<Go to ISI>://WOS:000382765200006},
   year = {2016},
   type = {Journal Article}
}

@Manual{Zhu2019kableextra,
    title = {kableExtra: Construct Complex Table with 'kable' and Pipe Syntax},
    author = {Hao Zhu},
    year = {2019},
    note = {R package version 1.1.0},
    url = {https://CRAN.R-project.org/package=kableExtra},
  }


